@book{stallings,
    title = "Cryptography and {N}etwork {S}ecurity -- {P}rinciples and {P}ractices",
    author = "William Stallings",
    publisher = "Pearson Education Inc.",
    year = "2006",
    edition = "Fourth",
}

@techreport{cloud_nistdef,
    author = "P. Mell and T. Grance",
    title = "The NIST Definition of Cloud Computing (Draft)",
    institution = "NIST",
    year = "2011",
    note = "From
        \url{http://csrc.nist.gov/publications/drafts/800-145/Draft-SP-800-145_cloud-definition.pdf}"
}
